@book{Katz_2001,
    address = {Cambridge, UK},
    author = {Katz, Joseph and Plotkin, Allen},
    date-added = {2023-10-12 09:40:27 -0600},
    date-modified = {2023-10-12 09:40:46 -0600},
    edition = {2nd ed},
    isbn = {9780521665520},
    la = {eng},
    publisher = {Cambridge University Press Cambridge, UK},
    title = {Low speed aerodynamics},
    year = {2001},
    keywords = {panel},
}

@article{mfoil,
    author = {Fidkowski, Krzysztof J.},
    date-added = {2023-10-23 09:13:37 -0600},
    date-modified = {2023-10-23 09:13:47 -0600},
    doi = {10.2514/1.J061341},
    issn = {0001-1452, 1533-385X},
    journal = {AIAA Journal},
    language = {en},
    month = may,
    number = {5},
    pages = {2961--2971},
    title = {A {Coupled} {Inviscid}--{Viscous} {Airfoil} {Analysis} {Solver}, {Revisited}},
    url = {https://arc.aiaa.org/doi/10.2514/1.J061341},
    urldate = {2023-10-23},
    volume = {60},
    year = {2022},
    keywords = {panel},
}

@techreport{Ryall_1967,
    author = {D. L. Ryall and I. F. Collins},
    institution = {Ministry of Technology Aeronautical Research Council},
    month = {03},
    number = {3492},
    title = {Design and Test of a Series of Annular Aerofoils},
    type = {Reports and Memoranda},
    year = {1967},
    keywords = {panel},
}

@techreport{Head_1958,
    author = {Head, M. R.},
    date-added = {2024-10-19 09:40:43 -0600},
    date-modified = {2024-10-19 09:42:16 -0600},
    institution = {Aeronautical Research Council},
    month = {09},
    number = {3152},
    title = {Entrainment in the Turbulent Boundary Layer},
    type = {Reports and Memoranda},
    year = {1958},
    keywords = {panel},
}

@techreport{Squire_1937,
    author = {H. B. Squire and A. D. Young},
    date-added = {2024-08-13 07:51:35 -0600},
    date-modified = {2024-08-13 07:53:18 -0600},
    institution = {Aeronautical Research Committee},
    month = {11},
    number = {1838},
    title = {The Calculation of the Profile Drag of Aerofoils},
    type = {Reports and Memoranda},
    year = {1937},
    keywords = {panel},
}

@book{Shevell_1983,
    address = {Englewood Cliffs, N.J.},
    author = {Shevell, Richard S. },
    chapter = {xxiv, 405 pages : illustrations ; 25 cm},
    date-added = {2025-06-02 19:43:34 -0600},
    date-modified = {2025-06-02 19:43:43 -0600},
    db = {WorldCat},
    isbn = {9780133390933},
    la = {English},
    lk = {https://worldcat.org/title/8626767},
    publisher = {Prentice-Hall},
    title = {Fundamentals of flight},
    year = {1983},
    keywords = {panel},
}

@software{DFDC,
  author = {Drela, Mark and Youngren, Harold and Sanders, Scott},
  title = {Ducted Fan Design Code (DFDC)},
  url = {https://web.mit.edu/drela/Public/web/dfdc/},
  version = {0.70},
  date = {2005-12-10},
  year = {2005},
  keywords = {panel, rotorwake},
}

@article{Martensen_1971,
author = {Martensen, Erich},
date-added = {2023-10-03 14:34:51 -0600},
date-modified = {2023-10-03 14:43:12 -0600},
journal = {Archive for Rational Mechanics and Analysis},
pages = {235-270},
title = {Die Berechnung der Druckverteilung an dicken Gitterprofilen mit Hilfe von Fredholmschen Integralgleichungen zweiter Art},
volume = {3},
year = {1959},
keywords = {lit_review,prelims,ductape},
}

@misc{Ning_2023,
    title={Automating Steady and Unsteady Adjoints: Efficiently Utilizing Implicit and Algorithmic Differentiation},
    author={Andrew Ning and Taylor McDonnell},
    year={2023},
    eprint={2306.15243},
    archivePrefix={arXiv},
    primaryClass={math.OC},
    url={https://arxiv.org/abs/2306.15243},
    keywords = {lit_review,prelims},
}

@inproceedings{Xfoil,
    address = {Berlin, Heidelberg},
    author = {Drela, Mark},
    booktitle = {Low Reynolds Number Aerodynamics},
    date-added = {2023-10-23 09:11:02 -0600},
    date-modified = {2023-10-23 09:11:13 -0600},
    editor = {Mueller, Thomas J.},
    isbn = {978-3-642-84010-4},
    pages = {1--12},
    publisher = {Springer Berlin Heidelberg},
    title = {XFOIL: An Analysis and Design System for Low Reynolds Number Airfoils},
    year = {1989},
    keywords = {lit_review,panel,ductape,mdo},
}
