@article{CCBlade,
author = {Ning, Andrew},
date-added = {2024-02-05 14:35:25 -0700},
date-modified = {2024-02-05 14:35:25 -0700},
doi = {10.1007/s00158-021-02883-6},
issn = {1615-147X, 1615-1488},
journal = {Structural and Multidisciplinary Optimization},
language = {en},
month = {08},
number = {2},
pages = {991--1014},
title = {Using blade element momentum methods with gradient-based design optimization},
volume = {64},
year = {2021},
keywords = {ductape},
}

@techreport{HS_1968,
	author = {Rohrbach, Carl and Fortmann, William and Croxall, Al},
	institution = {United Aircraft Research Laboratories},
	month = {05},
	number = {AD835090},
	title = {Variable Geometry ducted Propeller Test Program: Final Report, Volume II},
	type = {Report},
	year = {1968},
    keywords = {ductape},
}

@article{Critchfield_2025,
	author = {Critchfield, Tyler and Ning, Andrew},
	date-added = {2025-05-05 08:19:47 -0600},
	date-modified = {2025-05-05 10:31:43 -0600},
	journal = {Journal of Aircraft (In Review)},
	title = {Mission-Focused Multidisciplinary Design Optimization of Tilt-Rotor eVTOL Propulsion System},
	year = {2025},
    keywords = {ductape,mdo},
}

@article{Mehr_2025,
  author = {Mehr, Judd and Alvarez, Eduardo J. and Ning, Andrew},
  doi = {10.1002/we.2957},
  journal = {Wind Energy},
  month = {1},
  number = {1},
  pages = {e2957},
  title = {Interactional Aerodynamics Analysis of a Multi-Rotor Energy Kite},
  volume = {28},
  year = {2025},
    keywords = {ductape},
}

@inproceedings{Kulfan_2007,
	address = {Reno, Nevada},
	title = {A {Universal} {Parametric} {Geometry} {Representation} {Method} - "{CST}"},
	isbn = {9781624100123},
	url = {https://arc.aiaa.org/doi/10.2514/6.2007-62},
	doi = {10.2514/6.2007-62},
	language = {en},
	urldate = {2025-06-20},
	booktitle = {45th {AIAA} {Aerospace} {Sciences} {Meeting} and {Exhibit}},
	publisher = {American Institute of Aeronautics and Astronautics},
	author = {Kulfan, Brenda},
	month = {01},
	year = {2007},
    keywords = {ductape},
}

@article{Gill_2002,
title = {{SNOPT: An SQP Algorithm for Large-Scale Constrained Optimization}},
year = {2002},
journal = {SIAM Journal on Optimization},
author = {Gill, Philip E. and Murray, Walter and Saunders, Michael A.},
number = {4},
pages = {979--1006},
volume = {12},
doi = {10.1137/S1052623499350013},
issn = {1052-6234},
arxivId = {17444372724},
% url = {http://epubs.siam.org/doi/10.1137/S1052623499350013},
    keywords = {ductape,edfmdo},
}

@inbook{DuSelig_1998,
author = {Zhaohui Du and Michael Selig},
title = {A 3-D stall-delay model for horizontal axis wind turbine performance prediction},
booktitle = {1998 ASME Wind Energy Symposium},
chapter = {},
pages = {},
doi = {10.2514/6.1998-21},
URL = {https://arc.aiaa.org/doi/abs/10.2514/6.1998-21},
eprint = {https://arc.aiaa.org/doi/pdf/10.2514/6.1998-21},
    keywords = {ductape},
}

@inproceedings{Eggers_2003,
author = {Eggers, A. and Chaney, K. and Digumarthi, R.},
year = {2003},
month = {01},
pages = {},
title = {An Assessment of Approximate Modeling of Aerodynamic Loads on the UAE Rotor},
journal = {41st aerospace sciences meeting and exhibit, 6-9 January 2003, Reno, Nevada, AIAA 2003-0868},
doi = {10.1115/WIND2003-868},
    keywords = {ductape},
}

@article{Revels_2016,
    title = {Forward-Mode Automatic Differentiation in {J}ulia},
   author = {{Revels}, J. and {Lubin}, M. and {Papamarkou}, T.},
  journal = {arXiv:1607.07892 [cs.MS]},
     year = {2016},
      url = {https://arxiv.org/abs/1607.07892},
    keywords = {ductape,edfmdo},
}

@software{Mogensen_2020,
	author = {Patrick Kofod Mogensen and Kristoffer Carlsson and S{\'e}bastien Villemot and Spencer Lyon and Matthieu Gomez and Christopher Rackauckas and Tim Holy and David Widmann and Tony Kelman and Daniel Karrasch and Antoine Levitt and Asbj{\o}rn Nilsen Riseth and Carlo Lucibello and Changhyun Kwon and David Barton and Julia TagBot and Mateusz Baran and Miles Lubin and Sarthak Choudhury and Simon Byrne and Simon Christ and Takafumi Arakaki and Troels Arnfred Bojesen and benneti and Miguel Raz Guzm{\'a}n Macedo},
	doi = {10.5281/zenodo.4404703},
	month = dec,
	publisher = {Zenodo},
	title = {JuliaNLSolvers/NLsolve.jl: v4.5.1},
	url = {https://doi.org/10.5281/zenodo.4404703},
	version = {v4.5.1},
	year = 2020,
	bdsk-url-1 = {https://doi.org/10.5281/zenodo.4404703},
    keywords = {ductape},
}

@article{Walker_2011,
    author = {Walker, Homer F. and Ni, Peng},
    doi = {10.1137/10078356X},
    eprint = {https://doi.org/10.1137/10078356X},
    journal = {SIAM Journal on Numerical Analysis},
    number = {4},
    pages = {1715-1735},
    title = {Anderson Acceleration for Fixed-Point Iterations},
    url = {https://doi.org/10.1137/10078356X},
    volume = {49},
    year = {2011},
    bdsk-url-1 = {https://doi.org/10.1137/10078356X},
    keywords = {ductape},
}

@misc{Lepage_2021,
  title={Alternating cyclic extrapolation methods for optimization algorithms},
  author={Nicolas Lepage-Saucier},
  year={2021},
  eprint={2104.04974},
  archivePrefix={arXiv},
  primaryClass={math.OC},
  keywords = {ductape},
}

@article{Powell_1970,
    author="POWELL M. J. D.",
    title="A hybrid method for nonlinear equations",
    journal="Numerical Methods for Nonlinear Algebraic Equations",
    publisher="Gordon and Breach",
    year="1970",
    pages="87-161",
    URL="https://cir.nii.ac.jp/crid/1571135650078362496",
    keywords = {ductape},
}

@article{More_1994,
    author = {Mor\'{e}, Jorge J. and Thuente, David J.},
    title = {Line search algorithms with guaranteed sufficient decrease},
    year = {1994},
    issue_date = {Sept. 1994},
    publisher = {Association for Computing Machinery},
    address = {New York, NY, USA},
    volume = {20},
    number = {3},
    issn = {0098-3500},
    url = {https://doi.org/10.1145/192115.192132},
    doi = {10.1145/192115.192132},
    journal = {ACM Trans. Math. Softw.},
    month = {09},
    pages = {286â€“307},
    numpages = {22},
    keywords = {ductape},
}

@article{pal2024,
  title={NonlinearSolve. jl: High-Performance and Robust Solvers for Systems of Nonlinear Equations in Julia},
  author={Pal, Avik and Holtorf, Flemming and Larsson, Axel and Loman, Torkel and Schaefer, Frank and Qu, Qingyu and Edelman, Alan and Rackauckas, Chris and others},
  journal={arXiv preprint arXiv:2403.16341},
  year={2024},
  keywords = {ductape},
}

@article{Mehr_DuctAPE_2025,
  author = {Mehr, Judd and Lehnhof, Nathan and Ning, Andrew},
  journal = {In Review},
  title = {DuctAPE: A steady-state, axisymmetric ducted fan analysis code designed for gradient-based optimization},
  year = {2025},
    keywords = {ductape},
}

