@article{thompson_1974,
    title = {Automatic numerical generation of body-fitted curvilinear coordinate system for field containing any number of arbitrary two-dimensional bodies},
    volume = {15},
    issn = {00219991},
    url = {https://linkinghub.elsevier.com/retrieve/pii/0021999174901144},
    doi = {10.1016/0021-9991(74)90114-4},
    language = {en},
    number = {3},
    urldate = {2023-01-09},
    journal = {Journal of Computational Physics},
    author = {Thompson, Joe F and Thames, Frank C and Mastin, C.Wayne},
    month = jul,
    year = {1974},
    pages = {299--319},
    keywords = {rotorwake,ductape},
}

